<?xml version="1.0" encoding="UTF-8"?><record xmlns="http://www.loc.gov/MARC21/slim" xmlns:cinclude="http://apache.org/cocoon/include/1.0" xmlns:zs="http://www.loc.gov/zing/srw/">
  <leader>00588nz  a2200169n  4500</leader>
  <controlfield tag="001">n 2014076493</controlfield>
  <controlfield tag="003">DLC</controlfield>
  <controlfield tag="005">20141210122309.0</controlfield>
  <controlfield tag="008">141210n| azannaabn          |a aaa      </controlfield>
  <datafield tag="010" ind1=" " ind2=" ">
    <subfield code="a">n 2014076493</subfield>
  </datafield>
  <datafield tag="040" ind1=" " ind2=" ">
    <subfield code="a">DLC</subfield>
    <subfield code="b">eng</subfield>
    <subfield code="e">rda</subfield>
    <subfield code="c">DLC</subfield>
  </datafield>
  <datafield tag="100" ind1="1" ind2=" ">
    <subfield code="a">Allanbrook, Douglas.</subfield>
    <subfield code="t">Chinese songs</subfield>
  </datafield>
  <datafield tag="380" ind1=" " ind2=" ">
    <subfield code="a">Songs</subfield>
    <subfield code="2">lcsh</subfield>
  </datafield>
  <datafield tag="382" ind1="0" ind2=" ">
    <subfield code="b">mezzo-soprano voice</subfield>
    <subfield code="n">1</subfield>
    <subfield code="a">piano</subfield>
    <subfield code="n">1</subfield>
    <subfield code="s">2</subfield>
    <subfield code="2">lcmpt</subfield>
  </datafield>
  <datafield tag="400" ind1="1" ind2=" ">
    <subfield code="a">Allanbrook, Douglas.</subfield>
    <subfield code="t">Two Chinese songs</subfield>
  </datafield>
  <datafield tag="400" ind1="1" ind2=" ">
    <subfield code="a">Allanbrook, Douglas.</subfield>
    <subfield code="t">2 Chinese songs</subfield>
  </datafield>
  <datafield tag="670" ind1=" " ind2=" ">
    <subfield code="a">Allanbrook, D. Songs of love and death [SR] 2000:</subfield>
    <subfield code="b">label (Two Chinese songs) container (mezzo-soprano, piano)</subfield>
  </datafield>
</record>